<record><leader>00000cas a2200000 a 4500</leader><controlfield tag="001">27261054</controlfield><controlfield tag="008">930115d18961901iluwr ne      0   a0eng c</controlfield><datafield ind1=" " ind2=" " tag="010"><subfield code="a">sn 93055378 </subfield></datafield><datafield ind1=" " ind2=" " tag="040"><subfield code="a">NVF</subfield><subfield code="b">eng</subfield><subfield code="c">NVF</subfield><subfield code="d">OCLCQ</subfield><subfield code="d">CVF</subfield><subfield code="d">NVF</subfield><subfield code="d">OCLCQ</subfield><subfield code="d">OCLCF</subfield><subfield code="d">NVF</subfield><subfield code="d">OCLCO</subfield></datafield><datafield ind1="1" ind2=" " tag="029"><subfield code="a">AU@</subfield><subfield code="b">000020738747</subfield></datafield><datafield ind1=" " ind2=" " tag="042"><subfield code="a">pcc</subfield></datafield><datafield ind1=" " ind2=" " tag="043"><subfield code="a">n-us-il</subfield></datafield><datafield ind1="0" ind2="0" tag="245"><subfield code="a">Mount Morris news.</subfield></datafield><datafield ind1=" " ind2=" " tag="260"><subfield code="a">Mount Morris, Ill. :</subfield><subfield code="b">C. Henry Canode,</subfield><subfield code="c">1896-1901.</subfield></datafield><datafield ind1=" " ind2=" " tag="300"><subfield code="a">v.</subfield></datafield><datafield ind1=" " ind2=" " tag="310"><subfield code="a">Weekly</subfield></datafield><datafield ind1="0" ind2=" " tag="362"><subfield code="a">Vol. 1, no. 1 (May 19, 1896)-v. 5, no. 39 (Feb. 20, 1901).</subfield></datafield><datafield ind1=" " ind2=" " tag="500"><subfield code="a">Vol. 1, no. 1 preceded by "sample number" dated Apr. 28, 1896.</subfield></datafield><datafield ind1=" " ind2="0" tag="651"><subfield code="a">Mount Morris (Ill.)</subfield><subfield code="v">Newspapers.</subfield></datafield><datafield ind1=" " ind2="7" tag="651"><subfield code="a">Illinois</subfield><subfield code="z">Mount Morris.</subfield><subfield code="2">fast</subfield><subfield code="0">(OCoLC)fst01219406</subfield></datafield><datafield ind1=" " ind2="7" tag="655"><subfield code="a">Newspapers.</subfield><subfield code="2">fast</subfield><subfield code="0">(OCoLC)fst01423814</subfield></datafield><datafield ind1=" " ind2=" " tag="752"><subfield code="a">United States</subfield><subfield code="b">Illinois</subfield><subfield code="c">Ogle</subfield><subfield code="d">Mount Morris.</subfield></datafield><datafield ind1="0" ind2="4" tag="785"><subfield code="t">Mt. Morris index</subfield><subfield code="w">(DLC)sn 82014966</subfield><subfield code="w">(OCoLC)8807534</subfield></datafield></record>